% Use this file for citations not found in the ACL Anthology (contained in "anthology.bib").
@article{robson2002,
author = {Eleanor Robson},
title = {Words and Pictures: New Light on {Plimpton} 322},
journal = {The American Mathematical Monthly},
volume = {109},
number = {2},
pages = {105-120},
year = {2002},
publisher = {Taylor & Francis},
doi = {10.1080/00029890.2002.11919845},
URL = { 
    
        https://doi.org/10.1080/00029890.2002.11919845
    
    

},
eprint = { 
    
        https://doi.org/10.1080/00029890.2002.11919845
    
    

}
}
@article{oppenheim1954,
 ISSN = {00030279},
 URL = {http://www.jstor.org/stable/595475},
 author = {A. L. Oppenheim},
 journal = {Journal of the American Oriental Society},
 number = {1},
 pages = {6--17},
 publisher = {American Oriental Society},
 title = {The Seafaring Merchants of {Ur}},
 urldate = {2024-03-27},
 volume = {74},
 year = {1954}
}

@article{kelley2022,
  place = {IT},
  title = {Image-aware language modeling for Proto-Elamite},
  ISSN = {1720-9331},
  url = {https://doi.org/10.1418/105965},
  DOI = {10.1418/105965},
  number = {2},
  journal = {Lingue e linguaggio},
  publisher = {Società Editrice Il Mulino},
  author = {Kathryn Kelley and Logan Born and M. Willis Monroe and Anoop Sarkar},
  year = {2022},
  pages = {261–294}
}

@book{Matuszak2020,
  title = {``Und du,  du bist eine Frau?!'': Editio princeps und Analyse des sumerischen Streitgespr\"{a}chs 'Zwei Frauen B'},
  ISBN = {9783110685381},
  url = {http://dx.doi.org/10.1515/9783110685381},
  DOI = {10.1515/9783110685381},
  publisher = {De Gruyter},
  author = {Matuszak,  Jana},
  year = {2020},
  month = nov 
}

@BOOK{Helle2023,
  title     = "Enheduana: the complete poems of the world's first author",
  author    = "Helle, Sophus",
  publisher = "Yale University Press",
  year      =  2023,
  address   = "New Haven, CT",
  language  = "en"
}
